<record><leader>00000cas a22000007a 4500</leader><controlfield tag="001">37280879</controlfield><controlfield tag="008">970711d19131916okuwr n       0    0eng d</controlfield><datafield ind1=" " ind2=" " tag="010"><subfield code="a">sn 97070045 </subfield></datafield><datafield ind1=" " ind2=" " tag="040"><subfield code="a">OBN</subfield><subfield code="b">eng</subfield><subfield code="c">OBN</subfield><subfield code="d">OCLCQ</subfield><subfield code="d">OCLCO</subfield></datafield><datafield ind1="1" ind2=" " tag="029"><subfield code="a">AU@</subfield><subfield code="b">000013335607</subfield></datafield><datafield ind1=" " ind2=" " tag="042"><subfield code="a">msc</subfield></datafield><datafield ind1=" " ind2=" " tag="043"><subfield code="a">n-us-ok</subfield></datafield><datafield ind1="0" ind2=" " tag="130"><subfield code="a">Quinton times (Quinton, Okla. : 1913)</subfield></datafield><datafield ind1="1" ind2="4" tag="245"><subfield code="a">The Quinton times.</subfield></datafield><datafield ind1=" " ind2=" " tag="260"><subfield code="a">Quinton, Pittsburg County, Okla. :</subfield><subfield code="b">H.M. Butler</subfield></datafield><datafield ind1=" " ind2=" " tag="300"><subfield code="a">v.</subfield></datafield><datafield ind1=" " ind2=" " tag="310"><subfield code="a">Weekly</subfield></datafield><datafield ind1="0" ind2=" " tag="362"><subfield code="a">Vol. 2, no. 3 (July 11, 1913)-v. 5, no. 8 (Aug. 25, 1916).</subfield></datafield><datafield ind1=" " ind2="0" tag="651"><subfield code="a">Quinton (Okla.)</subfield><subfield code="v">Newspapers.</subfield></datafield><datafield ind1=" " ind2="0" tag="651"><subfield code="a">Pittsburg County (Okla.)</subfield><subfield code="v">Newspapers.</subfield></datafield><datafield ind1=" " ind2=" " tag="752"><subfield code="a">United States</subfield><subfield code="b">Oklahoma</subfield><subfield code="c">Pittsburg</subfield><subfield code="d">Quinton.</subfield></datafield><datafield ind1="0" ind2="0" tag="785"><subfield code="t">Quinton times and McAlester weekly register</subfield><subfield code="w">(DLC)sn 97070044</subfield><subfield code="w">(OCoLC)37280861</subfield></datafield><datafield ind1="0" ind2="7" tag="785"><subfield code="t">Quinton pioneer</subfield><subfield code="w">(DLC)sn 97070046</subfield><subfield code="w">(OCoLC)37280901</subfield></datafield><datafield ind1="0" ind2="7" tag="785"><subfield code="t">Quinton times and the Quinton pioneer</subfield><subfield code="w">(DLC)sn 97070047</subfield><subfield code="w">(OCoLC)37280925</subfield></datafield></record>